    @book{mossialos2016,
    author = {Mossialos, Elias and Wenzl, Martin and Osborn, Robin and Sarnak, Diane},
    title = {International Profiles of Health Care Systems},
    publisher = {The Commonwealth Fund},
    year = {2016}
    }

    @article{morris2017,
    author = {Morris, John},
    title = {A Critical Analysis of the Health Care System in Socialist Economies},
    journal = {Journal of Global Health},
    volume = {7},
    number = {1},
    pages = {34--44},
    year = {2017}
    }

    @book{wagstaff2000,
    author = {Wagstaff, A. and Van Doorslaer, E.},
    title = {Equity in Health Care Financing and Delivery},
    publisher = {World Health Organization},
    year = {2000}
    }

    @article{ahmed2004,
    author = {Ahmed, H.},
    title = {Role of Islamic Banking in Economic Development},
    journal = {International Journal of Islamic Financial Services},
    volume = {5},
    number = {4},
    pages = {9--22},
    year = {2004}
    }

    @article{ali2013,
    author = {Ali, Abdul},
    title = {Islamic Finance and Healthcare in the Developing World},
    journal = {International Journal of Islamic and Middle Eastern Finance and Management},
    volume = {6},
    number = {3},
    pages = {269--282},
    year = {2013}
    }

    @article{klein2006,
    author = {Klein, Richard},
    title = {The Health Care Crisis in the United States: A Comparison with Other Developed Countries},
    journal = {The Lancet},
    volume = {367},
    number = {9517},
    pages = {563--574},
    year = {2006}
    }

    @article{maqbul2015,
    author = {Maqbul, Mohammad},
    title = {Islamic Financial Instruments in Healthcare: An Alternative Approach},
    journal = {International Journal of Islamic Economics},
    volume = {3},
    number = {2},
    pages = {130--144},
    year = {2015}
    }

    @article{tanton2017,
    author = {Tanton, Robert and Altonji, Joseph G.},
    title = {Capitalism, Socialism, and Healthcare: A Comparative Analysis},
    journal = {Economic Systems},
    volume = {41},
    number = {1},
    pages = {1--21},
    year = {2017}
    }

